<record><leader>00000cas a22000007a 4500</leader><controlfield tag="001">14878669</controlfield><controlfield tag="008">861126d18851902inuwr ne      0    0eng d</controlfield><datafield ind1=" " ind2=" " tag="010"><subfield code="a">sn 86059082 </subfield></datafield><datafield ind1=" " ind2=" " tag="040"><subfield code="a">NPI</subfield><subfield code="b">eng</subfield><subfield code="c">NPI</subfield><subfield code="d">OCLCQ</subfield></datafield><datafield ind1=" " ind2=" " tag="042"><subfield code="a">msc</subfield></datafield><datafield ind1="0" ind2="0" tag="245"><subfield code="a">Lafayette weekly call.</subfield></datafield><datafield ind1=" " ind2=" " tag="260"><subfield code="a">Lafayette, Ind. :</subfield><subfield code="b">John George, Jr.</subfield></datafield><datafield ind1=" " ind2=" " tag="310"><subfield code="a">Weekly</subfield></datafield><datafield ind1="1" ind2=" " tag="362"><subfield code="a">Began in 1885? Ceased in 1902.</subfield></datafield><datafield ind1=" " ind2=" " tag="580"><subfield code="a">Issued also in daily editions called: Evening call; Lafayette call; and Lafayette evening call.</subfield></datafield><datafield ind1=" " ind2=" " tag="588"><subfield code="a">Description based on: Jan. 2, 1897.</subfield></datafield><datafield ind1=" " ind2=" " tag="752"><subfield code="a">United States</subfield><subfield code="b">Indiana</subfield><subfield code="c">Tippecanoe</subfield><subfield code="d">Lafayette.</subfield></datafield><datafield ind1="1" ind2=" " tag="775"><subfield code="t">Evening call (Lafayette, Ind.)</subfield><subfield code="w">(DLC)sn 86059087</subfield></datafield><datafield ind1="1" ind2=" " tag="775"><subfield code="t">Lafayette call</subfield><subfield code="w">(DLC)sn 86059089</subfield></datafield><datafield ind1="1" ind2=" " tag="775"><subfield code="t">Lafayette evening call</subfield><subfield code="w">(DLC)sn 86059090</subfield></datafield><datafield ind1="0" ind2="7" tag="785"><subfield code="t">Home journal (Lafayette, Ind. : 1879)</subfield><subfield code="w">(DLC)sn 86059083</subfield></datafield><datafield ind1="0" ind2="7" tag="785"><subfield code="t">Home journal, and the Lafayette weekly call</subfield><subfield code="w">(DLC)sn 86059084</subfield></datafield></record>